@book{eder1884ausfuhrliches,
  title={Ausf{\"u}hrliches handbuch der photographie},
  author={Eder, Josef Maria},
  volume={1},
  year={1884},
  publisher={W. Knapp}
}

@article{lefevre2007inside,
  title={Inside the camera obscura--Optics and art under the spell of the projected image},
  author={Lef{\`e}vre, Wolfgang},
  year={2007},
  publisher={Max-Planck-Institut f{\"u}r Wissenschaftsgeschichte}
}

@article{mills1998vermeer,
  title={Vermeer and the camera obscura: Some practical considerations},
  author={Mills, Allan A},
  journal={Leonardo},
  volume={31},
  number={3},
  pages={213--218},
  year={1998},
  publisher={The MIT Press}
}

@article{kahneman,
	author = "Daniel Kahneman and Amos Tversky",
	title = "Prospect Theory: An Analysis of Decision under Risk",
	publisher = "Econometrica",
	volume = "47(2)",
	year = 1979
}

@book{barger2000daguerreotype,
  title={The Daguerreotype: nineteenth-century technology and modern science},
  author={Barger, M Susan and White, William B},
  year={2000},
  publisher={JHU Press}
}

@article{ferguson2008living,
  title={In living color: Process and materials of the hand-colored daguerreotype},
  author={Ferguson, S},
  journal={The Daguerreian Annual},
  pages={13--18},
  year={2008}
}

@book{lavedrine2009photographs,
  title={Photographs of the past: process and preservation},
  author={Lav{\'e}drine, Bertrand and Frizot, Michel and Gandolfo, Jean-Paul and Monod, Sibylle},
  year={2009},
  publisher={Getty Publications}
}

@inproceedings{sinanaj2018colorizing,
	title={Colorizing Grayscale Images Using Neural Networks.},
	author={Sinanaj, Denis and Gjylapi, Dezdemona},
	booktitle={RTA-CSIT},
	pages={55--63},
	year={2018}
}

@incollection{levin2004colorization,
  title={Colorization using optimization},
  author={Levin, Anat and Lischinski, Dani and Weiss, Yair},
  booktitle={ACM SIGGRAPH 2004 Papers},
  pages={689--694},
  year={2004}
}

@article{ironi2005colorization,
  title={Colorization by Example.},
  author={Ironi, Revital and Cohen-Or, Daniel and Lischinski, Dani},
  journal={Rendering techniques},
  volume={29},
  pages={201--210},
  year={2005}
}

@inproceedings{luan2007natural,
  title={Natural image colorization},
  author={Luan, Qing and Wen, Fang and Cohen-Or, Daniel and Liang, Lin and Xu, Ying-Qing and Shum, Heung-Yeung},
  booktitle={Proceedings of the 18th Eurographics conference on Rendering Techniques},
  pages={309--320},
  year={2007}
}

@article{luohistorical,
  title={Historical and Modern Image-to-Image Translation with Generative Adversarial Networks},
  author={Luo, Vinson and Straka, Michael and Li, Lucy}
}

@article{anwar2020image,
  title={Image colorization: A survey and dataset},
  author={Anwar, Saeed and Tahir, Muhammad and Li, Chongyi and Mian, Ajmal and Khan, Fahad Shahbaz and Muzaffar, Abdul Wahab},
  journal={arXiv preprint arXiv:2008.10774},
  year={2020}
}

@inproceedings{nazeri2018image,
  title={Image colorization using generative adversarial networks},
  author={Nazeri, Kamyar and Ng, Eric and Ebrahimi, Mehran},
  booktitle={International conference on articulated motion and deformable objects},
  pages={85--94},
  year={2018},
  organization={Springer}
}

@book{dinius2012camera,
  title={The camera and the press: American visual and print culture in the age of the daguerreotype},
  author={Dinius, Marcy J},
  year={2012},
  publisher={University of Pennsylvania Press}
}

@book{hacking2012foto,
  title={Foto: Fotografie; die ganze Geschichte},
  author={Hacking, Juliet},
  year={2012},
  publisher={DuMont-Verlag}
}

@book{rinhart1999american,
  title={The American Tintype},
  author={Rinhart, Floyd and Rinhart, Marion and Wagner, Robert W},
  year={1999},
  publisher={Ohio State University Press}
}

@book{henisch1996painted,
  title={The painted photograph, 1839-1914: origins, techniques, aspirations},
  author={Henisch, Heinz K and Henisch, Bridget Ann},
  year={1996},
  pages={21},
  publisher={Penn State University Press}
}

@book{towler1873silver,
  title={The Silver Sunbeam: A Practical and Theoretical Text-book on Sun Drawing and Photographic Printing},
  author={Towler, John},
  year={1873},
  publisher={E. \& HT Anthony}
}

@book{ivankovich2005early,
  title={Early Twentieth Century Hand-painted Photography: Identification \& Values},
  author={Ivankovich, Michael and Ivankovich, Susan},
  year={2005},
  publisher={Collector Books}
}

@book{hannavy2013encyclopedia,
  title={Encyclopedia of nineteenth-century photography},
  author={Hannavy, John},
  year={2013},
  publisher={Routledge}
}

@inproceedings{sykora2004unsupervised,
  title={Unsupervised colorization of black-and-white cartoons},
  author={S{\`y}kora, Daniel and Buri{\'a}nek, Jan and {\v{Z}}{\'a}ra, Ji{\v{r}}{\'\i}},
  booktitle={Proceedings of the 3rd international symposium on Non-photorealistic animation and rendering},
  pages={121--127},
  year={2004}
}

@phdthesis{hoppe2010spectroscopic,
  title={Spectroscopic analysis of hand-colored photographs and photographic hand-coloring materials},
  author={Hoppe, Jonathan},
  year={2010},
  school={University of Delaware}
}